@article{linfeng,
  title={遥感影像亚像元定位研究综述},
  author={凌峰 and 吴胜军 and 肖飞 and 吴柯 and 李晓冬},
  journal={中国图象图形学报},
  volume={16},
  number={8},
  pages={1335-1345},
  year={2011},
}
