@article{linfeng,
  title={遥感影像亚像元定位研究综述},
  author={凌峰，吴胜军，肖飞，吴柯，李晓冬},
  journal={中国图象图形学报},
  volume={16},
  number={8},
  pages={1335-1345},
  year={2011},
}

@article{wang,
  title={Paticle swarm optimization-based sub-pixel mapping for remote-sensing imagery},
  author={Qunming Wang,Liguo Wang,Danfeng Liu},
  journal={International Journal of Remote Sensing},
  volume={33},
  number={20},
  pages={6480-6496},
  year={2012},
}
